@Manual{R:2018rr,
  title = {R: A Language and Environment for Statistical Computing},
  author = {{R Core Team}},
  organization = {R Foundation for Statistical Computing},
  address = {Vienna, Austria},
  year = {2018},
  url = {https://www.R-project.org/},
}

@Manual{R:2019rr,
  title = {R: A Language and Environment for Statistical Computing},
  author = {{R Core Team}},
  organization = {R Foundation for Statistical Computing},
  address = {Vienna, Austria},
  year = {2019},
  url = {https://www.R-project.org/},
}

@Manual{Guevarra:2018eg,
  title = {ppitables: Lookup Tables to Generate Poverty Likelihoods and Rates using the Poverty Probability Index (PPI)},
  author = {Ernest Guevarra},
  year = {2018},
  note = {R package version 0.2.0},
  url = {https://CRAN.R-project.org/package=ppitables},
}

@techreport{VulnerabilityAssessmentandMappingWorldFoodProgramme:2008ti,
  author = {{Vulnerability Assessment and Mapping World Food Programme}},
  title = {{Food consumption analysis: Calculation and use of the food consumption score in food security analysis}},
  year = {2008},
  month = feb
}

@techreport{FAO:2016vn,
  author = {{FAO} and {FHI 360}},
  title = {{Minimum Dietary Diversity for Women: A Guide to Measurement }},
  year = {2016},
  address = {Rome}
}

@article{Grellety:2016fn,
  author = {Grellety, Emmanuel and Golden, Michael H},
  title = {{The Effect of Random Error on Diagnostic Accuracy Illustrated with the Anthropometric Diagnosis of Malnutrition}},
  journal = {PloS one},
  year = {2016},
  volume = {11},
  number = {12},
  pages = {e0168585--27},
  month = dec
}

@article{Ulijaszek:2007fp,
  author = {Ulijaszek, Stanley J and Kerr, Deborah A},
  title = {{Anthropometric measurement error and the assessment of nutritional status}},
  journal = {The British journal of nutrition},
  year = {2007},
  volume = {82},
  number = {03},
  pages = {165--13},
  month = mar
}

@incollection{Habicht:1979tx,
  author = {Habicht, Jean-Pierre and Yarbrough, Charles and Martorell, Reynaldo},
  title = {{Anthropometric Field Methods: Criteria for Selection}},
  booktitle = {Nutrition and Growth},
  year = {1979},
  editor = {Jelliffe, Derrick B and Jelliffe, E F Patrice},
  pages = {365--387},
  publisher = {Springer US},
  address = {Boston, MA}
}

@misc{Coates:2007vc,
  title = {{Household Food Insecurity Access Scale (HFIAS) for Measurement of Food Access: Indicator Guide (v. 3)}},
  author = {Coates, Jennifer and Swindale, Anne and Bilinsky, Paula},
  howpublished = {FHI 360/FANTA},
  month = aug,
  year = {2007}
}

@article{Bhutta:2013ks,
  author = {Bhutta, Zulfiqar A and Das, Jai K and Rizvi, Arjumand and Gaffey, Michelle F and Walker, Neff and Horton, Susan and Webb,
  Patrick and Lartey, Anna and Black, Robert E},
  title = {{Evidence-based interventions for improvement of maternal and child nutrition: what can be done and at what cost?}},
  journal = {The Lancet},
  year = {2013},
  volume = {382},
  number = {9890},
  pages = {452--477},
  month = aug
}

@article{Ruel:2013kr,
  author = {Ruel, Marie T and Alderman, Harold and {Maternal and Child Nutrition Study Group}},
  title = {{Nutrition-sensitive interventions and programmes: how can they help to accelerate progress in improving maternal and 
  child nutrition?}},
  journal = {The Lancet},
  year = {2013},
  volume = {382},
  number = {9891},
  pages = {536--551},
  month = aug
}

@book{Myatt:2012tt,
  author = {Myatt, Mark and Guevarra, Ernest and Fieschi, Lionella and Norris, Allison and Guerrero, Saul and Schofield, 
  Lily and Jones, Daniel and Emru, Ephrem and Sadler, Kate},
  title = {{Semi-Quantitative Evaluation of Access and Coverage (SQUEAC)/ Simplified Lot Quality Assurance Sampling 
  Evaluation   of Access and Coverage (SLEAC) Technical Reference}},
  publisher = {FHI 360/FANTA},
  year = {2012},
  address = {Washington, DC},
  month = sep
}

@techreport{Epicentre:2015ty,
  author = {{Epicentre}},
  title = {{Open review of coverage methodologies: Questions, comments and ways forward}},
  institution = {Epicentre},
  year = {2015},
  month = jan
}

@article{Balegamire:2015ud,
  author = {Balegamire, Safari and Siling, Katja and Alvarez, Jose Luis and Guevarra, Ernest and Woodhead, Sophie and Norris
  , Alison and Fieschi, Lionella and Binns, Paul and Myatt, Mark},
  title = {{A single coverage estimator for use in SQUEAC, SLEAC, and other CMAM coverage assessments}},
  journal = {Field Exchange},
  year = {2015},
  month = mar
}

@article{Garenne:2009fq,
  author = {Garenne, Michel and Willie, Douladel and Maire, Bernard and Fontaine, Olivier and Eeckels, Roger and Briend, 
  Andr{\'e} and Van den Broeck, Jan},
  title = {{Incidence and duration of severe wasting in two African populations}},
  journal = {Public Health Nutrition},
  year = {2009},
  volume = {12},
  number = {11},
  pages = {1974--1982},
  month = mar
}

@misc{Myatt:2012tu,
  title = {{How do we estimate case load for SAM and / or MAM in children 6 {\textendash} 59 months in a given time period
  ?}},
  author = {Myatt, Mark},
  howpublished = {CMAM Forum},
  month = jul,
  year = {2012}
}

@article{Imdad:2017fx,
  author = {Imdad, Aamer and Mayo-Wilson, Evan and Herzer, Kurt and Bhutta, Zulfiqar A},
  title = {{Vitamin A supplementation for preventing morbidity and mortality in children from six months to five years of 
  age}},
  journal = {Cochrane Database of Systematic Reviews},
  year = {2017},
  volume = {15},
  number = {5},
  pages = {669--148},
  month = mar
}

@techreport{WorldHealthOrganization:2011ub,
  author = {{World Health Organization}},
  title = {{Vitamin A supplementation in infants and children 6{\textendash}59 months of age}},
  year = {2011},
  address = {Geneva}
}

@article{NyhusDhillon:2013gk,
  author = {Nyhus Dhillon, Christina and Subramaniam, Hamsa and Mulokozi, Generose and Rambeloson, Zo and Klemm, Rolf},
  title = {{Overestimation of vitamin a supplementation coverage from district tally sheets demonstrates importance of 
  population-based surveys for program improvement: lessons from Tanzania.}},
  journal = {PloS one},
  year = {2013},
  volume = {8},
  number = {3},
  pages = {e58629}
}

@article{Siekmans:2017gt,
  author = {Siekmans, Kendra and Roche, Marion and Kung'u, Jacqueline K and Desrochers, Rachelle E and De-Regil, Luz Maria},
  title = {{Barriers and enablers for iron folic acid (IFA) supplementation in pregnant women}},
  journal = {Maternal {\&} child nutrition},
  year = {2017},
  volume = {6},
  number = {5},
  pages = {e12532--13},
  month = dec
}

@article{Sununtnasuk:2015kb,
  author = {Sununtnasuk, Celeste and D{\textquoteright}Agostino, Alexis and Fiedler, John L},
  title = {{Iron+folic acid distribution and consumption through antenatal care: identifying barriers across countries}},
  journal = {Public Health Nutrition},
  year = {2015},
  volume = {19},
  number = {04},
  pages = {732--742},
  month = may
}

@article{Tanahashi:1978we,
  author = {Tanahashi, T.},
  title = {{Health service coverage and its evaluation}},
  journal = {Bulletin of the World Health Organization},
  year = {1978},
  volume = {56},
  number = {2},
  pages = {295--303}
}

@article{Wegerdt:2006ux,
  author = {Wegerdt, Johannah and Zanchettin, Monica and Myatt, Mark},
  title = {{Assessing sensitivity of case-finding using capture-recapture techniques}},
  journal = {Field Exchange},
  year = {2006},
  number = {27},
  pages = {2},
  month = mar
}

@techreport{AccionContralaFaim:2011vu,
  author = {{Accion Contra la Faim}},
  institution = {Accion Contra la Faim},
  title = {{Semi-Quantitative Evaluation of Access {\&} Coverage (SQUEAC) Greater 
  Monrovia Liberia}},
  year = {2011},
  address = {London}
}

@book{isaaks1989applied,
  title={Applied Geostatistics},
  author={Isaaks, E.H. and Srivastava, R.M.},
  isbn={9780195050134},
  lccn={lc89034891},
  url={https://books.google.co.uk/books?id=vC2dcXFLI3YC},
  year={1989},
  publisher={Oxford University Press}
}

@book{diggle2007mbg,
  title = "Model-based Geostatistics.",
  keywords = "geostatistics, spatial statistics, likelihood, statistical inference",
  author = "Diggle, {Peter J.} and Ribeiro, {Paulo J.}",
  year = "2007",
  month = "3",
  isbn = "0387329072 978-0387329079",
  series = "Springer Series in Statistics",
  publisher = "Springer",
}

@book{diggle2013statistical,
  title={Statistical Analysis of Spatial and Spatio-Temporal Point Patterns, Third Edition},
  author={Diggle, P.J.},
  isbn={9781466560239},
  lccn={2013444024},
  series={Chapman \& Hall/CRC Monographs on Statistics \& Applied Probability},
  url={https://books.google.co.uk/books?id=XR8bAAAAQBAJ},
  year={2013},
  publisher={Taylor \& Francis}
}

@book{bivand2008applied,
  title={Applied Spatial Data Analysis with R},
  author={Bivand, R.S. and Pebesma, E.J. and G{\'o}mez-Rubio, V.},
  isbn={9780387781716},
  lccn={2008931196},
  series={Use R!},
  url={https://books.google.co.uk/books?id=4gg8yx\_lcj0C},
  year={2013},
  publisher={Springer New York}
}

@book{Isaaks:1989uk,
  author = {Isaaks, E H and Srivastava, R M},
  title = {{An Introduction to Applied Geostatistics}},
  publisher = {Oxford University Press},
  year = {1989},
  address = {Oxford}
}

@book{Diggle:2014tk,
  author = {Diggle, Peter J},
  title = {{Statistical analysis of spatial and spatio-temporal point patterns}},
  publisher = {Taylor and Francis Group},
  year = {2014},
  address = {Boca Raton, Florida},
  edition = {3rd Edition}
}

@book{Elliot:2000vs,
  author = {Elliot, P and Wakefield, J and Best, N and Briggs, D},
  title = {{Spatial Epidemiology: Methods and Applications}},
  publisher = {Oxford University Press},
  year = {2000},
  address = {Oxford}
}

@article{Elliott:2004cg,
  author = {Elliott, Paul and Wartenberg, Daniel},
  title = {{Spatial Epidemiology: Current Approaches and Future Challenges}},
  journal = {Environmental health perspectives},
  year = {2004},
  volume = {112},
  number = {9},
  pages = {998--1006},
  month = jun
}

@article{Guevarra:2016uw,
  author = {Guevarra, Ernest and Siling, Katja and Chiwile, Faraja and Mutunga, Mueni and Senesie, Joseph},
  title = {{IYCF assessment with small-sample surveys - A proposal for a simplified and structured approach}},
  journal = {Field Exchange},
  year = {2016},
  pages = {1--11},
  month = feb
}

@article{Bryce:2013dd,
  author = {Bryce, Jennifer and Arnold, Fred and Blanc, Ann and Hancioglu, Attila and Newby, Holly and Requejo, Jennifer and Wardlaw, Tessa and {the CHERG Working Group on Improving Coverage Measurement}},
  title = {{Measuring Coverage in MNCH: New Findings, New Strategies, and Recommendations for Action}},
  journal = {PLoS medicine},
  year = {2013},
  volume = {10},
  number = {5},
  pages = {e1001423--9},
  month = may
}

@article{Bryce:2008kf,
  author = {Bryce, Jennifer and Coitinho, Denise and Darnton-Hill, Ian and Pelletier, David and Pinstrup-Andersen, Per},
  title = {{Maternal and child undernutrition: effective action at national level}},
  journal = {The Lancet},
  year = {2008},
  volume = {371},
  number = {9611},
  pages = {510--526},
  month = feb
}

@incollection{InternationalFoodPolicyResearchInstitute:2014wj,
  author = {{International Food Policy Research Institute}},
  title = {{The coverage of nutrition-specific interventions needs to improve}},
  booktitle = {Global Nutrition Report 2014: Actions and Accountability to Accelerate the World{\textquoteright}s Progress on Nutrition},
  year = {2014},
  pages = {1--9},
  publisher = {International Food Policy Research Institute},
  address = {Washington, DC}
}

@techreport{independentExpertReviewGrouponInformationandAccountabilityforWomensandChildrensHealth:2013uc,
  author = {{independent Expert Review Group on Information and Accountability for Women's and Children's Health}},
  title = {{Every Woman, Every Child: Strengthening Equity and Dignity through Health: the second report of independent Expert Review Group (iERG) on Information and Accountability for Women's and Children's Health}},
  year = {2013}
}

@article{Bhutta:2008p10829,
  author = {Bhutta, Zulfiqar A and Ahmed, Tahmeed and Black, Robert E and Cousens, Simon and Dewey, Kathryn and Giugliani, Elsa and Haider, Batool A and Kirkwood, Betty and Morris, Saul S and Sachdev, H P S and Shekar, Meera and {Maternal and Child Undernutrition Study Group}},
  title = {{What works? Interventions for maternal and child undernutrition and survival.}},
  journal = {The Lancet},
  year = {2008},
  volume = {371},
  number = {9610},
  pages = {417--440},
  month = feb
}

@article{Bhutta:2013cf,
  author = {Bhutta, Zulfiqar A and Das, Jai K and Walker, Neff and Rizvi, Arjumand and Campbell, Harry and Rudan, Igor and Black, Robert E},
  title = {{Interventions to address deaths from childhood pneumonia and diarrhoea equitably: what works and at what cost?}},
  journal = {The Lancet},
  year = {2013},
  volume = {381},
  number = {9875},
  pages = {1417--1429},
  month = apr
}

@incollection{Guevarra:2014ta,
  author = {Guevarra, Ernest and Guerrero, Saul and Myatt, Mark},
  title = {{Considerations regarding coverage standards for selective feeding programmes}},
  booktitle = {Coverage Matters: A collation of content on coverage monitoring of CMAM programmes},
  year = {2014},
  pages = {1--32},
  publisher = {Emergency Nutrition Network},
  address = {Oxford},
  month = jun
}

@article{Aaron:2016cv,
  author = {Aaron, Grant J and Strutt, Nicholas and Boateng, Nathaniel Amoh and Guevarra, Ernest and Siling, Katja and Norris, Alison and Ghosh, Shibani and Nyamikeh, Mercy and Attiogbe, Antoine and Burns, Richard and Foriwa, Esi and Toride, Yasuhiko and Kitamura, Satoshi and Tano-Debrah, Kwaku and Sarpong, Daniel and Myatt, Mark},
  title = {{Assessing Program Coverage of Two Approaches to Distributing a Complementary Feeding Supplement to Infants and Young Children in Ghana}},
  journal = {PloS one},
  year = {2016},
  volume = {11},
  number = {10},
  pages = {e0162462--19},
  month = oct
}


@book{ValidInternational:2006vk,
  author = {{Valid International}},
  title = {{Community-based Therapeutic Care (CTC): A Field Manual}},
  publisher = {Valid International},
  year = {2006},
  address = {Oxford},
  month = sep
}
















